[{"name":"2020-08-04","Volume":7485.09,"Sales":41},{"name":"2020-08-05","Volume":560,"Sales":11},{"name":"2020-08-06","Volume":1384,"Sales":13},{"name":"2020-08-07","Volume":636,"Sales":13},{"name":"2020-08-08","Volume":6021,"Sales":14},{"name":"2020-08-09","Volume":5725.98,"Sales":15},{"name":"2020-08-10","Volume":2804,"Sales":42},{"name":"2020-08-11","Volume":1378.99,"Sales":29},{"name":"2020-08-12","Volume":6790,"Sales":14},{"name":"2020-08-13","Volume":2264,"Sales":16},{"name":"2020-08-14","Volume":991,"Sales":35},{"name":"2020-08-15","Volume":1079.99,"Sales":27},{"name":"2020-08-16","Volume":2666.99,"Sales":17},{"name":"2020-08-17","Volume":141,"Sales":5},{"name":"2020-08-18","Volume":502,"Sales":15},{"name":"2020-08-19","Volume":3616.21,"Sales":18},{"name":"2020-08-20","Volume":462.11,"Sales":11},{"name":"2020-08-21","Volume":368,"Sales":18},{"name":"2020-08-22","Volume":1572.5,"Sales":15},{"name":"2020-08-23","Volume":292.5,"Sales":7},{"name":"2020-08-24","Volume":315.49,"Sales":13},{"name":"2020-08-25","Volume":1698,"Sales":32},{"name":"2020-08-26","Volume":694,"Sales":20},{"name":"2020-08-27","Volume":1780,"Sales":60},{"name":"2020-08-28","Volume":1137,"Sales":16},{"name":"2020-08-29","Volume":3126,"Sales":20},{"name":"2020-08-30","Volume":2295,"Sales":14},{"name":"2020-08-31","Volume":45,"Sales":9},{"name":"2020-09-01","Volume":2397.64,"Sales":14},{"name":"2020-09-02","Volume":1945.99,"Sales":17},{"name":"2020-09-03","Volume":339,"Sales":14},{"name":"2020-09-04","Volume":2488.1,"Sales":8},{"name":"2020-09-05","Volume":1929.99,"Sales":59},{"name":"2020-09-06","Volume":458.99,"Sales":24},{"name":"2020-09-07","Volume":321,"Sales":7},{"name":"2020-09-08","Volume":596,"Sales":4},{"name":"2020-09-09","Volume":3356.99,"Sales":27},{"name":"2020-09-10","Volume":284,"Sales":17},{"name":"2020-09-11","Volume":12481.99,"Sales":59},{"name":"2020-09-12","Volume":592,"Sales":21},{"name":"2020-09-13","Volume":3782.49,"Sales":30},{"name":"2020-09-14","Volume":2243.98,"Sales":56},{"name":"2020-09-15","Volume":12738.66,"Sales":65},{"name":"2020-09-16","Volume":1573.09,"Sales":30},{"name":"2020-09-17","Volume":3337.93,"Sales":39},{"name":"2020-09-18","Volume":1265.82,"Sales":32},{"name":"2020-09-19","Volume":1505,"Sales":27},{"name":"2020-09-20","Volume":1489.99,"Sales":43},{"name":"2020-09-21","Volume":1935,"Sales":24},{"name":"2020-09-22","Volume":2632.5,"Sales":14},{"name":"2020-09-23","Volume":9894.5,"Sales":71},{"name":"2020-09-24","Volume":1385,"Sales":43},{"name":"2020-09-25","Volume":16255.1,"Sales":264},{"name":"2020-09-26","Volume":473,"Sales":46},{"name":"2020-09-27","Volume":22377.17,"Sales":289},{"name":"2020-09-28","Volume":7916.99,"Sales":231},{"name":"2020-09-29","Volume":4183,"Sales":125},{"name":"2020-09-30","Volume":2863.49,"Sales":118},{"name":"2020-10-01","Volume":4772.69,"Sales":79},{"name":"2020-10-02","Volume":1178.7,"Sales":73},{"name":"2020-10-03","Volume":8310,"Sales":109},{"name":"2020-10-04","Volume":57576,"Sales":121},{"name":"2020-10-05","Volume":15896.01,"Sales":71},{"name":"2020-10-06","Volume":6404,"Sales":77},{"name":"2020-10-07","Volume":6788,"Sales":109},{"name":"2020-10-08","Volume":1758.82,"Sales":96},{"name":"2020-10-09","Volume":2766.83,"Sales":115},{"name":"2020-10-10","Volume":1861.6,"Sales":99},{"name":"2020-10-11","Volume":466,"Sales":76},{"name":"2020-10-12","Volume":4990.5,"Sales":142},{"name":"2020-10-13","Volume":7485.6,"Sales":200},{"name":"2020-10-14","Volume":17169.045,"Sales":297},{"name":"2020-10-15","Volume":8419.2,"Sales":236},{"name":"2020-10-16","Volume":2435.88,"Sales":96},{"name":"2020-10-17","Volume":4760.39,"Sales":45},{"name":"2020-10-18","Volume":7545,"Sales":102},{"name":"2020-10-19","Volume":11765.56,"Sales":155},{"name":"2020-10-20","Volume":1136.88,"Sales":54},{"name":"2020-10-21","Volume":1613.8,"Sales":85},{"name":"2020-10-22","Volume":3990.17872,"Sales":87},{"name":"2020-10-23","Volume":1967.404999,"Sales":96},{"name":"2020-10-24","Volume":401.64469,"Sales":41},{"name":"2020-10-25","Volume":2944,"Sales":78},{"name":"2020-10-26","Volume":1031.9,"Sales":52},{"name":"2020-10-27","Volume":2739.29,"Sales":47},{"name":"2020-10-28","Volume":3621.87,"Sales":74},{"name":"2020-10-29","Volume":10666.79,"Sales":55},{"name":"2020-10-30","Volume":26485,"Sales":161},{"name":"2020-10-31","Volume":2682.94,"Sales":48},{"name":"2020-11-01","Volume":40339.44,"Sales":130},{"name":"2020-11-02","Volume":3862.8,"Sales":29},{"name":"2020-11-03","Volume":10410.56,"Sales":381},{"name":"2020-11-04","Volume":19871.5,"Sales":80},{"name":"2020-11-05","Volume":36210.6,"Sales":52},{"name":"2020-11-06","Volume":7022.9,"Sales":59},{"name":"2020-11-07","Volume":7211.2,"Sales":31},{"name":"2020-11-08","Volume":10537.922222,"Sales":57},{"name":"2020-11-09","Volume":31716.19,"Sales":85},{"name":"2020-11-10","Volume":13426.6,"Sales":72},{"name":"2020-11-11","Volume":17343.89,"Sales":85},{"name":"2020-11-12","Volume":8882.39,"Sales":36},{"name":"2020-11-13","Volume":1926.48,"Sales":78},{"name":"2020-11-14","Volume":3758.9,"Sales":32},{"name":"2020-11-15","Volume":3721.5,"Sales":27},{"name":"2020-11-16","Volume":15482.57,"Sales":60},{"name":"2020-11-17","Volume":12093.8,"Sales":42},{"name":"2020-11-18","Volume":18623.4,"Sales":54},{"name":"2020-11-19","Volume":4767.81,"Sales":67},{"name":"2020-11-20","Volume":2692.1024,"Sales":64},{"name":"2020-11-21","Volume":23680.79,"Sales":51},{"name":"2020-11-22","Volume":2969.5,"Sales":41},{"name":"2020-11-23","Volume":3235.7,"Sales":26},{"name":"2020-11-24","Volume":6301.57,"Sales":43},{"name":"2020-11-25","Volume":4461.87,"Sales":73},{"name":"2020-11-26","Volume":7131.6,"Sales":73},{"name":"2020-11-27","Volume":5130.1,"Sales":76},{"name":"2020-11-28","Volume":11333.501,"Sales":54},{"name":"2020-11-29","Volume":18166.21,"Sales":57},{"name":"2020-11-30","Volume":7771.41,"Sales":45},{"name":"2020-12-01","Volume":15193.29,"Sales":125},{"name":"2020-12-02","Volume":10013,"Sales":41},{"name":"2020-12-03","Volume":10710.804999,"Sales":49},{"name":"2020-12-04","Volume":17979.234999,"Sales":108},{"name":"2020-12-05","Volume":4098.8,"Sales":21},{"name":"2020-12-06","Volume":12304.89,"Sales":39},{"name":"2020-12-07","Volume":27314.8,"Sales":65},{"name":"2020-12-08","Volume":8927.8,"Sales":72},{"name":"2020-12-09","Volume":4756.9,"Sales":31},{"name":"2020-12-10","Volume":11881.7,"Sales":46},{"name":"2020-12-11","Volume":10024.4,"Sales":89},{"name":"2020-12-12","Volume":11994.9,"Sales":41},{"name":"2020-12-13","Volume":11108.99,"Sales":63},{"name":"2020-12-14","Volume":10525.557,"Sales":60},{"name":"2020-12-15","Volume":19832.88,"Sales":51},{"name":"2020-12-16","Volume":5151.2,"Sales":42},{"name":"2020-12-17","Volume":16993.99,"Sales":85},{"name":"2020-12-18","Volume":36362.009998,"Sales":142},{"name":"2020-12-19","Volume":27815.511011,"Sales":114},{"name":"2020-12-20","Volume":41221.76,"Sales":138},{"name":"2020-12-21","Volume":25129.08,"Sales":247},{"name":"2020-12-22","Volume":17995.12,"Sales":117},{"name":"2020-12-23","Volume":25525.9,"Sales":48},{"name":"2020-12-24","Volume":49862.7,"Sales":67},{"name":"2020-12-25","Volume":63717.26,"Sales":72},{"name":"2020-12-26","Volume":9228.13,"Sales":60},{"name":"2020-12-27","Volume":45897.08,"Sales":113},{"name":"2020-12-28","Volume":23939.44,"Sales":137},{"name":"2020-12-29","Volume":18226.97,"Sales":69},{"name":"2020-12-30","Volume":16433.756,"Sales":75},{"name":"2020-12-31","Volume":111221.17999,"Sales":107},{"name":"2021-01-01","Volume":44143.67,"Sales":114},{"name":"2021-01-02","Volume":46119.0024,"Sales":104},{"name":"2021-01-03","Volume":16982.62,"Sales":73},{"name":"2021-01-04","Volume":35581.51,"Sales":103},{"name":"2021-01-05","Volume":41400.58,"Sales":100},{"name":"2021-01-06","Volume":24334.58,"Sales":81},{"name":"2021-01-07","Volume":26303.53,"Sales":114},{"name":"2021-01-08","Volume":72308.14,"Sales":55},{"name":"2021-01-09","Volume":19652.34,"Sales":100},{"name":"2021-01-10","Volume":34142.87,"Sales":108},{"name":"2021-01-11","Volume":42383.4846,"Sales":150},{"name":"2021-01-12","Volume":22167.68949,"Sales":120},{"name":"2021-01-13","Volume":63086.12,"Sales":115},{"name":"2021-01-14","Volume":225828.94,"Sales":127},{"name":"2021-01-15","Volume":11229.35,"Sales":78},{"name":"2021-01-16","Volume":22396.59,"Sales":151},{"name":"2021-01-17","Volume":58099.36,"Sales":155},{"name":"2021-01-18","Volume":17328.85,"Sales":121},{"name":"2021-01-19","Volume":111721.08,"Sales":60},{"name":"2021-01-20","Volume":22494.115556,"Sales":71},{"name":"2021-01-21","Volume":21361.93,"Sales":88},{"name":"2021-01-22","Volume":11002.9,"Sales":69},{"name":"2021-01-23","Volume":12685.2411,"Sales":86},{"name":"2021-01-24","Volume":24284.9,"Sales":64},{"name":"2021-01-25","Volume":23500.38,"Sales":66},{"name":"2021-01-26","Volume":19643.400003,"Sales":152},{"name":"2021-01-27","Volume":15657.53,"Sales":63},{"name":"2021-01-28","Volume":62466.08,"Sales":83},{"name":"2021-01-29","Volume":27056.41,"Sales":213},{"name":"2021-01-30","Volume":14639.44,"Sales":76},{"name":"2021-01-31","Volume":8465.050169,"Sales":88},{"name":"2021-02-01","Volume":49108.14,"Sales":132},{"name":"2021-02-02","Volume":141723.45,"Sales":108},{"name":"2021-02-03","Volume":39052.08,"Sales":126},{"name":"2021-02-04","Volume":71559,"Sales":102},{"name":"2021-02-05","Volume":32831.25,"Sales":144},{"name":"2021-02-06","Volume":16001.7524,"Sales":91},{"name":"2021-02-07","Volume":121600.8397,"Sales":172},{"name":"2021-02-08","Volume":41775.7969,"Sales":194},{"name":"2021-02-09","Volume":122199.4,"Sales":198},{"name":"2021-02-10","Volume":38870.44,"Sales":93},{"name":"2021-02-11","Volume":51753.97,"Sales":148},{"name":"2021-02-12","Volume":114045.2,"Sales":137},{"name":"2021-02-13","Volume":77328.75,"Sales":134},{"name":"2021-02-14","Volume":26329.96,"Sales":281},{"name":"2021-02-15","Volume":63656.9,"Sales":99},{"name":"2021-02-16","Volume":63946.99,"Sales":293},{"name":"2021-02-17","Volume":100150.13,"Sales":191},{"name":"2021-02-18","Volume":35550.16,"Sales":132},{"name":"2021-02-19","Volume":185287.19,"Sales":339},{"name":"2021-02-20","Volume":169111.7,"Sales":353},{"name":"2021-02-21","Volume":110501.76465,"Sales":243},{"name":"2021-02-22","Volume":217064.99,"Sales":207},{"name":"2021-02-23","Volume":98063.12,"Sales":319},{"name":"2021-02-24","Volume":285250.79,"Sales":291},{"name":"2021-02-25","Volume":76517.97135,"Sales":450},{"name":"2021-02-26","Volume":100595.35,"Sales":138},{"name":"2021-02-27","Volume":54841.37,"Sales":111},{"name":"2021-02-28","Volume":48309.75,"Sales":164},{"name":"2021-03-01","Volume":63978.92,"Sales":217},{"name":"2021-03-02","Volume":38425.18,"Sales":292},{"name":"2021-03-03","Volume":27378.74,"Sales":115},{"name":"2021-03-04","Volume":55926.42,"Sales":134},{"name":"2021-03-05","Volume":55732.1,"Sales":194},{"name":"2021-03-06","Volume":60711.97,"Sales":104},{"name":"2021-03-07","Volume":18519.5,"Sales":70},{"name":"2021-03-08","Volume":25031.0842,"Sales":154},{"name":"2021-03-09","Volume":1547.97,"Sales":34}]